1962 3460
1258 386 1284 404 “
1363 385 1503 438 Quam
1551 383 1842 427 assertionem

386 386 503 429 neris
549 385 912 430 commutationes
950 385 1251 444 reperiuntur.

387 470 555 512 etiamsi
594 466 806 527 equidem
845 467 1026 509 minime
1067 465 1313 510 defendere
1357 467 1514 519 velim,
1564 466 1611 510 id
1657 465 1840 521 elucere

387 564 533 594 tamen
578 562 686 610 puto
739 550 1048 610 grammaticos
1093 567 1226 610 saepe
1283 551 1528 595 communis
1571 567 1673 593 usus
1721 549 1841 610 leges

386 632 658 677 cum'Vedis
698 632 937 676 conciliare
977 649 1065 677 non
1103 634 1317 694 potuisse.

517 718 723 777 Denique
765 717 896 759 etiam
936 716 982 758 in
1029 729 1214 760 accentu
1259 717 1607 777 compositorum
1653 714 1842 758 admira-

382 800 483 843 hilis
532 799 606 842 illa
657 799 831 861 linguae
882 800 1178 844 Sanseritieae
1234 802 1369 844 virtus
1429 800 1704 861 agnoscitur,
1757 816 1842 860 qua

383 885 556 935 omnia,
604 896 817 944 quantum
854 885 1041 926 maxime
1078 897 1251 944 potest,
1300 901 1451 927 rerum
1492 896 1676 927 naturae
1714 899 1844 927 acco-

382 966 634 1010 modantur.
713 967 891 1010 Etenim
929 968 975 1009 in
1013 968 1335 1027 compositione
1375 966 1649 1028 copulativa,
1689 983 1844 1027 quam-

383 1052 442 1094 vis
480 1051 522 1092 in
575 1048 768 1092 deorum
805 1062 973 1093 tantum
1021 1050 1303 1103 nominibus,
1349 1048 1575 1110 duplicem
1613 1060 1843 1093 accentum

383 1133 491 1194 poni
530 1132 746 1185 vidimus,
795 1132 947 1194 quod,
991 1134 1044 1176 ab
1083 1134 1206 1177 initio
1254 1134 1300 1175 in
1338 1146 1428 1177 toto
1466 1150 1633 1194 genere
1684 1133 1845 1177 factum

386 1234 510 1269 esse,
559 1216 669 1259 nihil
707 1216 924 1277 impedit,
969 1218 1204 1278 quominus
1246 1217 1542 1261 coniiciamus.
1624 1217 1762 1260 Porro
1799 1216 1846 1258 in

383 1299 579 1352 relativa,
618 1300 652 1342 si
689 1301 811 1360 prius
851 1300 1121 1362 plerumque
1158 1301 1411 1344 membrum
1449 1318 1574 1344 suum
1612 1312 1846 1344 accentum

385 1383 568 1433 obtinet,
609 1400 656 1425 ea
690 1383 862 1426 ratione
901 1383 948 1426 id
984 1384 1081 1427 fieri
1118 1396 1241 1445 puto,
1280 1385 1417 1446 quod,
1460 1402 1596 1446 quum
1622 1384 1844 1445 posterius

387 1467 638 1509 membrum
679 1466 889 1511 adieetivi
913 1480 1112 1511 naturam
1138 1485 1362 1512 assumere
1396 1470 1600 1530 vocique,
1633 1467 1688 1510 ad
1714 1484 1844 1528 quam

383 1550 590 1602 refertur,
630 1552 672 1592 in
713 1567 828 1603 casu,
866 1568 1068 1605 numero,
1106 1569 1271 1613 genere
1311 1553 1501 1612 obsequi
1541 1563 1755 1603 coactum,
1791 1550 1846 1592 li-

383 1635 598 1677 bertatem
637 1652 759 1677 suam
799 1634 933 1695 plane
973 1638 1192 1687 amiserit,
1241 1637 1364 1696 prius
1411 1652 1462 1679 eo
1514 1635 1722 1679 maiorem
1759 1636 1844 1678 vim

385 1731 426 1761 et
463 1719 722 1778 gravitatem
769 1719 852 1761 sibi
891 1719 1093 1763 vindicat.
1167 1720 1450 1763 Contrarium
1487 1735 1591 1762 vero
1631 1719 1675 1761 in
1726 1735 1846 1761 com-

386 1803 604 1860 positione
644 1802 895 1845 attributiva
934 1804 1152 1855 cernitur,
1191 1803 1267 1844 ubi
1303 1804 1427 1862 prius
1479 1802 1728 1844 membrum
1769 1801 1847 1844 de-

386 1883 688 1926 terminandae
727 1884 867 1927 solum
910 1896 952 1926 et
1000 1886 1246 1928 accuratius
1291 1884 1571 1927 definiendae
1607 1885 1846 1944 posteriori

383 1967 496 2026 palti
534 1968 730 2009 insci-‚vit
806 1968 900 2009 Hoc
941 1978 1019 2015 est
1061 1967 1182 2027 quod
1223 1967 1510 2028 grammatici,
1546 1967 1590 2008 in
1629 1984 1714 2009 una
1752 1979 1846 2009 tan-

385 2061 473 2090 tum
519 2067 566 2090 1·6
605 2048 724 2100 salsi,
771 2051 826 2092 ita
875 2063 1221 2109 expresser:unt
1275 2042 1554 2109 ww}
1588 2044 1799 2093 ὁᾶῖέἦὶΠὸῐ.
1835 2066 1841 2091 ι

382 2124 827 2194 εῑι--ψ-τᾶετειτπῆῖσξπε
865 2145 870 2174 ι
925 2127 1221 2185 ῆ-ηηῑτπαῆπτ
1249 2129 1424 2197 staff:
1467 2146 1473 2176 ι
1543 2126 1847 2185 :swam-R

383 2227 469 2261 {²31³
511 2231 516 2256 ι
593 2215 664 2258 Sk.
705 2215 777 2259 sol.
813 2216 936 2259 58a.

985 2387 1248 2420 ADDENDUM.

521 2473 703 2534 Regulas
741 2475 815 2523 VT,
849 2477 890 2524 Q,
922 2476 996 2518 21.
1030 2475 1108 2519 25.
1138 2474 1214 2519 65.
1252 2476 1326 2520 95.
1366 2486 1516 2535 utpote
1551 2475 1658 2517 mihi
1691 2474 1846 2518 diffiei-

387 2557 520 2600 liores
560 2559 699 2601 omisi.
