1962 3460
243 831 311 873 De
349 842 534 873 accentu
571 830 921 889 compositorum
955 846 1065 890 quas
1107 830 1310 882 Paninis,
1351 846 1568 890 gramma-

108 913 220 956 ticae
267 912 562 956 Sanscriticae
611 911 988 972 locupletissimus
1026 924 1207 963 auctor,
1258 912 1441 955 tradidit
1486 912 1568 955 du-

109 1006 255 1038 centas
292 994 466 1054 regulas
489 993 557 1049 *),
599 1011 705 1047 eae,
751 996 784 1037 si
832 1012 920 1038 non
960 995 1164 1038 omnibus
1207 997 1402 1038 numeris
1439 997 1569 1038 abso-

106 1077 269 1130 lutam,
323 1089 511 1121 attamen
568 1078 668 1120 satis
729 1079 1011 1138 perspicuam
1065 1078 1157 1120 eius
1201 1079 1266 1120 rei
1318 1077 1570 1121 doctrinam

109 1171 381 1221 proponunt.
453 1161 570 1214 Quas
608 1177 745 1220 quum
780 1160 862 1203 Vir
899 1158 1179 1203 doctissimus
1206 1160 1485 1222 Boehtlingk,
1523 1163 1569 1204 in

111 1242 497 1293 dissertationem,
547 1259 678 1302 quam
726 1241 781 1284 de
828 1253 1011 1286 accentu
1057 1241 1324 1287 Sanscritico
1370 1246 1568 1288 conscri-

108 1327 220 1387 psit,
275 1342 365 1369 non
419 1326 696 1386 recepisset,
742 1324 951 1386 equidem
1001 1326 1114 1369 hanc
1168 1342 1353 1387 operam
1401 1329 1447 1370 in
1493 1346 1565 1371 me

108 1410 298 1469 suscepi,
338 1425 426 1452 non
464 1424 552 1468 quo
590 1406 706 1451 illius
745 1407 995 1451 doctrinam
1022 1425 1092 1452 me
1132 1422 1424 1470 aequaturum
1462 1428 1567 1472 spe-

107 1508 278 1544 rarem,
315 1490 394 1534 sed
432 1502 499 1543 ut,
539 1507 651 1551 quae
690 1503 754 1532 est
789 1490 990 1533 iuvenilis
1037 1490 1243 1544 audacia,
1285 1492 1394 1553 quid
1444 1511 1567 1537 meae

110 1592 291 1636 quoque
324 1576 440 1618 vires
476 1574 521 1616 in
548 1573 862 1634 percurrendo
897 1575 1207 1634 grammaticae
1230 1576 1482 1636 Paniniyae,
1522 1589 1569 1619 ut

108 1660 166 1702 ita
204 1657 374 1710 dicam,
418 1656 576 1717 pelago
610 1656 831 1709 valerent,
867 1657 1167 1701 ostenderem.
1239 1658 1404 1720 quue,
1443 1672 1489 1703 ut
1523 1662 1569 1703 in

113 1756 318 1793 errores,
353 1752 566 1800 quantum
603 1739 699 1782 fieri
745 1752 922 1799 posset,
968 1741 1171 1784 minimos
1209 1741 1471 1795 inducerer,
1509 1745 1567 1786 ita

109 1823 222 1875 feci,
258 1834 304 1866 ut
339 1821 580 1883 pleraque,
619 1839 734 1882 quae
773 1824 817 1864 in
855 1823 1002 1882 primo
1040 1823 1233 1883 Rigvedi
1277 1838 1319 1868 et
1356 1838 1568 1886 quatuor-

111 1906 256 1952 decim
300 1906 526 1967 prioribus
564 1905 800 1961 Yajurvedi
845 1904 970 1949 libris
1018 1923 1195 1951 necnon
1240 1909 1286 1949 in
1331 1908 1568 1953 Samavedi

108 1989 284 2050 hymnis
342 1989 597 2041 exstabant,
653 1987 859 2049 exempla
918 1991 1210 2049 respicerem.
1289 1993 1386 2045 Quo
1453 1993 1567 2036 facto

110 2073 496 2134 grammaticorum
532 2083 777 2132 praecepta
804 2089 940 2132 quum
964 2074 1211 2116 accuratius
1249 2072 1440 2128 definiri,
1479 2087 1568 2118 tum

110 2155 263 2215 augeri
307 2165 441 2215 atque
479 2152 741 2213 amplificari
784 2166 1005 2214 poterant.
1077 2156 1314 2199 Praeterea
1364 2156 1568 2217 plerum-

111 2253 198 2298 que
234 2236 442 2293 Bhattojis
475 2247 640 2278 tantum
677 2235 1019 2296 explicationem
1045 2249 1220 2280 secutus
1252 2255 1371 2291 sum,
1409 2252 1455 2283 ut
1491 2242 1569 2300 qui

112 2336 164 2363 ex
200 2319 382 2381 puriore
420 2318 539 2361 fonte
583 2335 714 2379 quam
761 2318 1007 2362 Scholiasta
1055 2319 1259 2363 hauserit.
1330 2320 1568 2366 Nihilomi-

109 2420 190 2446 nus
229 2401 358 2464 plura
395 2402 490 2445 sore
525 2419 548 2444 a
585 2419 654 2444 me
693 2413 765 2444 aut
801 2419 1045 2463 perperam
1081 2402 1331 2457 intellecta,
1369 2418 1441 2448 aut
1475 2423 1565 2450 non

109 2486 210 2529 satis
247 2484 447 2528 dilucide
486 2483 680 2546 prolata,
718 2485 762 2527 in
794 2486 858 2527 rei
898 2485 1151 2530 difficultate
1187 2504 1320 2531 nemo
1361 2501 1450 2540 est,
1489 2491 1565 2550 qni

110 2585 182 2612 me
229 2566 383 2610 credat
428 2566 668 2611 lubentius.
759 2568 1008 2621 Gaudebo,
1063 2570 1097 2612 si
1145 2586 1280 2630 opera
1335 2588 1429 2614 mea
1478 2589 1566 2615 non

111 2652 290 2695 omnino
339 2651 461 2693 irrita
511 2668 605 2693 esse
646 2651 748 2693 viris
801 2651 1028 2694 literarum
1067 2652 1318 2695 Indicarum
1359 2654 1566 2698 studiosis

112 2735 197 2778 visa
237 2735 330 2777 erit.

183 2903 224 2948 *2
251 2906 290 2939 Ρ.
317 2906 381 2950 vl,
414 2906 445 2950 ι,
469 2907 539 2939 223
569 2922 604 2931 -
638 2905 700 2949 vl,
728 2906 765 2950 2,
796 2906 873 2940 199.
