1962 3460
550 318 762 359 Ceterum
801 332 899 357 cum
938 313 1168 364 ordinem,
1202 330 1334 373 quem
1370 313 1546 365 Ptin-nnis
1585 322 1758 354 secutus
1798 318 1873 358 est,

427 398 724 441 deserendum
765 399 928 456 putavi.
1002 395 1082 437 llle
1117 397 1231 437 enim
1259 397 1501 455 composita
1536 411 1625 438 non
1658 392 1874 452 respectis

423 483 467 522 in
499 482 755 522 universum
791 479 1028 538 generibus
1077 479 1131 519 ita
1174 477 1414 537 disposuit,
1452 491 1522 529 ut,
1560 478 1614 520 ab
1649 478 1726 528 iis,
1764 491 1875 536 quae

424 565 467 604 in
515 564 666 621 priore
707 561 912 602 membro
955 577 1031 602 suo
1069 561 1413 619 pronuntiantur
1449 572 1657 611 accentu,
1698 574 1877 601 exorsus

427 644 522 698 (VI,
557 646 598 693 Q,
639 641 832 696 1—63)‚
871 642 925 683 ad
964 659 1010 683 ea
1049 642 1269 694 transiret,
1310 659 1421 701 quae
1459 643 1502 683 in
1538 643 1698 702 prioris
1737 641 1875 700 prima

426 724 508 780 (64
534 750 557 753 -
581 724 661 779 91)
695 737 768 767 aut
800 724 949 766 ultima
981 723 1247 779 (9‘2-1‘10)
1287 723 1453 784 syllaba
1491 736 1663 767 acutum
1701 724 1878 773 liabent,

425 807 592 850 deinde
633 824 680 849 ea
721 807 930 858 doceret,
970 824 1082 866 quac
1122 808 1164 848 in
1204 807 1342 866 prima
1380 808 1640 867 posterioris
1688 805 1878 848 membri

426 903 642 934 acuuntur
680 888 998 945 (lit—136),
1033 903 1198 949 postea,
1237 907 1348 950 quae
1382 891 1425 932 in
1457 891 1706 950 posteriorc
1739 906 1882 931 mem-

423 974 505 1017 bro
545 991 671 1015 suum
704 985 879 1015 servant
916 984 1146 1015 accentum
1175 970 1491 1028 (137—139),
1531 989 1642 1032 quae
1679 973 1722 1013 iu
1760 984 1882 1014 utro-

429 1073 514 1116 que
563 1056 763 1098 membro
813 1052 1150 1109 (Mo—142),
1203 1054 1432 1114 denique,
1484 1071 1596 1114 quae
1645 1055 1690 1096 in
1730 1052 1881 1097 ultima

426 1138 595 1198 syllaba
633 1150 849 1181 acuuntur
887 1133 1203 1195 (143—199).
1282 1139 1375 1197 Ego
1419 1153 1521 1180 vero
1567 1155 1662 1180 rem
1712 1136 1884 1197 planio-

425 1238 521 1264 rem
558 1222 651 1264 fore
692 1222 866 1281 putavi,
905 1221 938 1262 si
986 1221 1229 1280 composita
1269 1238 1290 1262 e
1336 1237 1547 1281 generum
1590 1219 1748 1263 ordine
1796 1231 1883 1263 tra-

429 1317 608 1348 ctarem.
692 1306 730 1346 A
768 1303 1026 1364 copulativis
1065 1305 1196 1364 igitur
1232 1304 1356 1346 initio
1394 1304 1509 1347 facto
1556 1303 1722 1346 deinde
1767 1302 1885 1346 rela-

427 1390 514 1432 tiva
539 1387 578 1442 *)
617 1389 827 1439 tractavi,
862 1400 951 1429 tum
990 1386 1244 1440 nominalia,
1284 1386 1642 1439 determinativa,
1682 1404 1886 1430 numera-

426 1471 499 1523 lia,
537 1470 830 1521 adverbialia,
870 1486 1058 1530 quorum
1100 1482 1289 1530 quatuor
1327 1471 1572 1530 posteriora
1611 1470 1886 1514 attributivo-

427 1570 527 1596 rum
576 1554 754 1595 nomine
804 1551 1145 1611 comprehendi.
1218 1551 1306 1595 Sed
1354 1569 1401 1594 ea
1459 1553 1553 1612 ipsa
1606 1554 1884 1613 separatione

429 1638 525 1679 fieri
561 1652 651 1679 non
688 1637 857 1696 potuit,
896 1636 1003 1695 quin
1042 1634 1216 1695 regulas
1252 1635 1490 1679 nonnullas
1528 1635 1583 1678 ad
1630 1653 1763 1679 unum
1812 1654 1887 1698 ge-

428 1737 508 1761 nus
547 1719 792 1770 referrem,
844 1735 956 1777 quae
1002 1717 1186 1760 sortasse
1236 1717 1291 1759 dc
1339 1719 1514 1771 Paninis
1568 1720 1781 1762 sententia
1831 1719 1887 1762 ad

428 1801 557 1862 plura
594 1803 883 1861 pertinerent.
940 1801 1136 1844 Omnino
1177 1801 1288 1843 haec
1324 1818 1395 1843 res
1431 1801 1564 1861 plena
1602 1801 1886 1855 discriminis,

429 1886 475 1926 in
521 1902 607 1945 qua
655 1885 737 1926 nisi
788 1885 1015 1927 erroribus
1067 1901 1156 1928 non
1209 1896 1357 1944 potest
1404 1884 1459 1927 ad
1505 1886 1733 1928 veritatem
1785 1903 1888 1947 per-

429 1968 581 2010 veniri.

565 2059 654 2103 Sed
692 2062 955 2120 priusquam
991 2060 1047 2102 ad
1087 2062 1458 2121 compositionem
1485 2063 1626 2122 ipsam
1659 2075 1888 2118 transeam,

433 2142 489 2185 de
529 2142 699 2185 duabus
746 2144 879 2185 rebus
927 2142 1032 2185 mihi
1073 2143 1311 2187 dicendum
1352 2158 1441 2198 est,
1481 2163 1593 2206 quae
1632 2146 1688 2189 ad
1725 2147 1890 2189 intelli-

433 2226 576 2286 genda
623 2227 855 2286 sequentia
902 2228 1077 2269 maximi
1134 2241 1234 2271 sunt
1280 2229 1515 2271 momenti:
1567 2229 1622 2272 de
1666 2242 1886 2290 potestate

433 2321 651 2351 mutarum
689 2310 1050 2362 consonantium,
1089 2328 1201 2370 quae
1234 2329 1255 2353 a
1299 2313 1591 2372 grammaticis
1631 2311 1686 2354 ad
1723 2314 1889 2374 signifi-

434 2391 624 2434 candum
662 2405 891 2435 accentum
929 2394 1062 2436 affixis
1108 2392 1359 2448 adduntur,
1408 2394 1573 2438 deinde
1613 2395 1667 2438 de
1705 2409 1888 2440 accentu

435 2472 621 2516 duarum
658 2475 873 2519 vocalium
913 2478 1260 2520 coniunctarum.
1311 2478 1475 2538 Atque,
1515 2478 1637 2539 quod
1674 2478 1728 2521 ad
1764 2480 1888 2540 prio—

505 2744 544 2789 2‘)
571 2749 628 2779 Sic
666 2752 861 2789 praeeunte
897 2750 942 2782 V.
983 2749 1036 2782 Cl.
1069 2751 1220 2784 Lassen.
1248 2750 1477 2783 bahuvrihica
1511 2752 1677 2795 nomino,
1703 2755 1891 2793 praeterea

567 2813 761 2845 nominalia
791 2822 836 2846 ea
860 2814 1021 2859 appello,
1048 2815 1173 2857 quibus
1192 2814 1237 2848 V.
1269 2813 1319 2848 cl.
1343 2815 1450 2858 Bopp.
1478 2822 1610 2850 nomen
1635 2816 1891 2860 dependentiae

567 2878 844 2921 compositorum
872 2878 976 2913 dedit.
